<record><leader>00000cas a22000007a 4500</leader><controlfield tag="001">14558174</controlfield><controlfield tag="008">861028d18991902inuwr ne      0    0eng d</controlfield><datafield ind1=" " ind2=" " tag="010"><subfield code="a">sn 86058817 </subfield></datafield><datafield ind1=" " ind2=" " tag="040"><subfield code="a">NPI</subfield><subfield code="b">eng</subfield><subfield code="c">NPI</subfield><subfield code="d">OCLCQ</subfield><subfield code="d">IUL</subfield><subfield code="d">OCLCF</subfield></datafield><datafield ind1=" " ind2=" " tag="042"><subfield code="a">msc</subfield></datafield><datafield ind1=" " ind2=" " tag="043"><subfield code="a">n-us-in</subfield></datafield><datafield ind1="0" ind2=" " tag="130"><subfield code="a">Princeton clarion-leader (Princeton, Ind. : Weekly)</subfield></datafield><datafield ind1="1" ind2="0" tag="245"><subfield code="a">Princeton clarion-leader.</subfield></datafield><datafield ind1=" " ind2=" " tag="260"><subfield code="a">Princeton, Ind. :</subfield><subfield code="b">Clarion-Leader Co.</subfield></datafield><datafield ind1=" " ind2=" " tag="300"><subfield code="a">v. :</subfield><subfield code="b">ill.</subfield></datafield><datafield ind1=" " ind2=" " tag="310"><subfield code="a">Weekly</subfield></datafield><datafield ind1="1" ind2=" " tag="362"><subfield code="a">Began with Apr. 20, 1899 issue; ceased in Feb. 1902.</subfield></datafield><datafield ind1=" " ind2=" " tag="588"><subfield code="a">Description based on: Vol. 52, no. 40 (May 11, 1899).</subfield></datafield><datafield ind1=" " ind2="0" tag="651"><subfield code="a">Princeton (Ind.)</subfield><subfield code="v">Newspapers.</subfield></datafield><datafield ind1=" " ind2="0" tag="651"><subfield code="a">Gibson County (Ind.)</subfield><subfield code="v">Newspapers.</subfield></datafield><datafield ind1=" " ind2="7" tag="651"><subfield code="a">Indiana</subfield><subfield code="z">Gibson County.</subfield><subfield code="2">fast</subfield><subfield code="0">(OCoLC)fst01204272</subfield></datafield><datafield ind1=" " ind2="7" tag="651"><subfield code="a">Indiana</subfield><subfield code="z">Princeton.</subfield><subfield code="2">fast</subfield><subfield code="0">(OCoLC)fst01218146</subfield></datafield><datafield ind1=" " ind2="7" tag="655"><subfield code="a">Newspapers.</subfield><subfield code="2">fast</subfield><subfield code="0">(OCoLC)fst01423814</subfield></datafield><datafield ind1=" " ind2=" " tag="752"><subfield code="a">United States</subfield><subfield code="b">Indiana</subfield><subfield code="c">Gibson</subfield><subfield code="d">Princeton.</subfield></datafield><datafield ind1="0" ind2=" " tag="775"><subfield code="t">Princeton clarion-leader (Princeton, Ind. : Daily)</subfield><subfield code="w">(DLC)sn 86058892</subfield><subfield code="w">(OCoLC)14557825</subfield></datafield><datafield ind1="0" ind2=" " tag="775"><subfield code="t">Daily clarion-leader</subfield><subfield code="w">(DLC)sn 86058939</subfield><subfield code="w">(OCoLC)14557630</subfield></datafield><datafield ind1="0" ind2=" " tag="775"><subfield code="t">Princeton daily clarion (Princeton, Ind. : 1899)</subfield><subfield code="w">(DLC)sn 86058938</subfield><subfield code="w">(OCoLC)14557956</subfield></datafield><datafield ind1="0" ind2="4" tag="780"><subfield code="t">Princeton clarion (Princeton, Ind. : 1871)</subfield><subfield code="w">(DLC)sn 84038008</subfield><subfield code="w">(OCoLC)11175854</subfield></datafield><datafield ind1="0" ind2="4" tag="780"><subfield code="t">Gibson County leader</subfield><subfield code="w">(DLC)sn 86058816</subfield><subfield code="w">(OCoLC)14557791</subfield></datafield></record>